<record><leader>00000cas a22000007a 4500</leader><controlfield tag="001">23232060</controlfield><controlfield tag="008">910312d18uu1uuunyuuu ne      0    0eng d</controlfield><datafield ind1=" " ind2=" " tag="010"><subfield code="a">sn 91066178 </subfield></datafield><datafield ind1=" " ind2=" " tag="040"><subfield code="a">NYS</subfield><subfield code="b">eng</subfield><subfield code="c">NYS</subfield><subfield code="d">OCL</subfield><subfield code="d">OCLCQ</subfield><subfield code="d">OCLCF</subfield><subfield code="d">OCLCO</subfield></datafield><datafield ind1=" " ind2=" " tag="042"><subfield code="a">msc</subfield></datafield><datafield ind1=" " ind2=" " tag="043"><subfield code="a">n-us-ny</subfield></datafield><datafield ind1="0" ind2=" " tag="130"><subfield code="a">Elmira telegram (Elmira, N.Y. : Binghamton ed.)</subfield></datafield><datafield ind1="1" ind2="0" tag="245"><subfield code="a">Elmira telegram.</subfield></datafield><datafield ind1="1" ind2="3" tag="246"><subfield code="a">Morning telegram</subfield></datafield><datafield ind1=" " ind2=" " tag="250"><subfield code="a">Binghamton ed.</subfield></datafield><datafield ind1=" " ind2=" " tag="260"><subfield code="a">Elmira, N.Y. :</subfield><subfield code="b">Telegram Co.</subfield></datafield><datafield ind1=" " ind2=" " tag="300"><subfield code="a">v. ;</subfield><subfield code="c">57 cm.</subfield></datafield><datafield ind1=" " ind2=" " tag="580"><subfield code="a">Elmira eds.: Elmira morning telegram, &lt;1887&gt;-1888; Elmira telegram (Elmira, N.Y. : Elmira ed.), 1888-</subfield></datafield><datafield ind1=" " ind2=" " tag="588"><subfield code="a">Description based on: Vol. 8, no. 36 (Jan. 2, 1887).</subfield></datafield><datafield ind1=" " ind2="0" tag="651"><subfield code="a">Elmira (N.Y.)</subfield><subfield code="v">Newspapers.</subfield></datafield><datafield ind1=" " ind2="0" tag="651"><subfield code="a">Binghamton (N.Y.)</subfield><subfield code="v">Newspapers.</subfield></datafield><datafield ind1=" " ind2="7" tag="655"><subfield code="a">Newspapers.</subfield><subfield code="2">fast</subfield><subfield code="0">(OCoLC)fst01423814</subfield></datafield><datafield ind1=" " ind2="7" tag="651"><subfield code="a">New York (State)</subfield><subfield code="z">Binghamton.</subfield><subfield code="2">fast</subfield><subfield code="0">(OCoLC)fst01206763</subfield></datafield><datafield ind1=" " ind2="7" tag="651"><subfield code="a">New York (State)</subfield><subfield code="z">Elmira.</subfield><subfield code="2">fast</subfield><subfield code="0">(OCoLC)fst01214392</subfield></datafield><datafield ind1=" " ind2=" " tag="752"><subfield code="a">United States</subfield><subfield code="b">New York</subfield><subfield code="c">Chemung</subfield><subfield code="d">Elmira.</subfield></datafield><datafield ind1=" " ind2=" " tag="752"><subfield code="a">United States</subfield><subfield code="b">New York</subfield><subfield code="c">Broome</subfield><subfield code="d">Binghamton.</subfield></datafield><datafield ind1="1" ind2=" " tag="775"><subfield code="t">Elmira morning telegram</subfield><subfield code="w">(DLC)sn 85054488</subfield></datafield><datafield ind1="1" ind2=" " tag="775"><subfield code="t">Elmira telegram (Elmira, N.Y. : Elmira ed.)</subfield><subfield code="w">(DLC)sn 85054489</subfield></datafield></record>